@article{Ghez_2005,
  doi = {10.1086/497576},
  url = {http://dx.doi.org/10.1086/497576},
  year = {2005},
  month = {dec},
  publisher = {{IOP} Publishing},
  volume = {635},
  number = {2},
  pages = {1087--1094},
  author = {A. M. Ghez and S. D. Hornstein and J. R. Lu and A. Bouchez and D. Le Mignant and M. A. van Dam and P. Wizinowich and K. Matthews and M. Morris and E. E. Becklin and R. D. Campbell and J. C. Y. Chin and S. K. Hartman and E. M. Johansson and R. E. Lafon and P. J. Stomski and D. M. Summers},
  title = {{The First Laser Guide Star Adaptive Optics Observations of the Galactic Center: Sgr A{\ast}'s Infrared Color and the Extended Red Emission in its Vicinity}},
  journal = {{ApJ}},
}
